@online{iot,
    title = "Internet delle cose",
    url =" https://it.wikipedia.org/wiki/Internet_delle_cose",
}

@online{fritzing,
    title = "Fritzing",
    url = "https://fritzing.org/",
}

@online{shapr3d,
    title = "Shapr3D",
    url = "https://www.shapr3d.com/",
}

@online{arduino,
    title = "Arduino",
    url = "https://www.arduino.cc/",
}

@online{influxdb,
    title = "InfluxDB",
    url = "https://www.influxdata.com/",
}

@online{flux,
    title = "Flux, sistema di query di InfluxDB",
    url = "https://docs.influxdata.com/influxdb/cloud/query-data/get-started/",
}

@online{python,
    title = "Python",
    url = "https://www.python.org/",
}

@online{pearson,
    title = "Indice di correlazione di Pearson",
    url = "https://it.wikipedia.org/wiki/Indice_di_correlazione_di_Pearson",
}

@online{edgeimpulse,
    title = "Edge Impulse",
    url = "https://www.edgeimpulse.com/",
}
@online{eiapi,
    title = "Edge Impulse ingestion service",
    url = "https://docs.edgeimpulse.com/reference/ingestion-api",
}